@book{pml1Book,
  author    = {Kevin P. Murphy},
  title     = {Probabilistic Machine Learning: An introduction},
  publisher = {MIT Press},
  year      = 2022,
  url       = {probml.ai}
}


@article{Schafer2011AutomaticGO,
  title   = {Automatic generation of topological indoor maps for real-time map-based localization and tracking},
  author  = {Martin Schafer and Christian Knapp and Samarjit Chakraborty},
  journal = {2011 International Conference on Indoor Positioning and Indoor Navigation},
  year    = {2011},
  pages   = {1-8},
  url     = {https://api.semanticscholar.org/CorpusID:19540725}
}



@article{Jaworski2019TowardsAC,
  title   = {Towards automatic configuration of floorplans for Indoor Positioning System},
  author  = {Wojciech Jaworski and Pawel Wilk and Mateusz Juszczak and Monika Wysoczanska and Andrew YongGwon Lee},
  journal = {2019 International Conference on Indoor Positioning and Indoor Navigation (IPIN)},
  year    = {2019},
  pages   = {1-7},
  url     = {https://api.semanticscholar.org/CorpusID:208630589}
}


@inproceedings{inproceedings,
  author  = {Ahmed, Sheraz and Liwicki, Marcus and Weber, Markus and Dengel, Andreas},
  year    = {2011},
  month   = {10},
  pages   = {864 - 869},
  title   = {Improved Automatic Analysis of Architectural Floor Plans},
  journal = {Proceedings of the International Conference on Document Analysis and Recognition, ICDAR},
  doi     = {10.1109/ICDAR.2011.177}
}

% TO LOOK
@inproceedings{inproceedings,
  author  = {Ahmed, Sheraz and Liwicki, Marcus and Weber, Markus and Dengel, Andreas},
  year    = {2012},
  month   = {03},
  pages   = {339-343},
  title   = {Automatic Room Detection and Room Labeling from Architectural Floor Plans},
  isbn    = {9780769546612},
  journal = {Proceedings - 10th IAPR International Workshop on Document Analysis Systems, DAS 2012},
  doi     = {10.1109/DAS.2012.22}
}

@misc{paudel2021roomclassificationfloorplan,
  title         = {Room Classification on Floor Plan Graphs using Graph Neural Networks},
  author        = {Abhishek Paudel and Roshan Dhakal and Sakshat Bhattarai},
  year          = {2021},
  eprint        = {2108.05947},
  archiveprefix = {arXiv},
  primaryclass  = {cs.LG},
  url           = {https://arxiv.org/abs/2108.05947}
}

@misc{nauata2020houseganrelationalgenerativeadversarial,
  title         = {House-GAN: Relational Generative Adversarial Networks for Graph-constrained House Layout Generation},
  author        = {Nelson Nauata and Kai-Hung Chang and Chin-Yi Cheng and Greg Mori and Yasutaka Furukawa},
  year          = {2020},
  eprint        = {2003.06988},
  archiveprefix = {arXiv},
  primaryclass  = {cs.CV},
  url           = {https://arxiv.org/abs/2003.06988}
}

@article{dominguez2012Semiautomaticdetection,
  author  = {Domínguez, Bernardino and García-Fernández, Ángel-Luis and Feito, Francisco},
  year    = {2012},
  month   = {05},
  pages   = {367–378},
  title   = {Semiautomatic detection of floor topology from CAD architectural drawings},
  volume  = {44},
  journal = {Computer-Aided Design},
  doi     = {10.1016/j.cad.2011.12.009}
}